[gd_scene load_steps=11 format=2]

[ext_resource path="res://resources/materials/Metal001.material" type="Material" id=1]
[ext_resource path="res://resources/materials/Wood035.material" type="Material" id=2]
[ext_resource path="res://src/Hammer/Hammer.gd" type="Script" id=3]

[sub_resource type="SphereShape" id=1]
radius = 0.25

[sub_resource type="SphereMesh" id=2]

[sub_resource type="BoxShape" id=3]
extents = Vector3( 0.15, 3, 0.15 )

[sub_resource type="CubeMesh" id=4]
material = ExtResource( 2 )
size = Vector3( 0.3, 6, 0.3 )

[sub_resource type="BoxShape" id=5]
extents = Vector3( 0.7, 0.7, 1 )

[sub_resource type="CubeMesh" id=6]
material = ExtResource( 1 )

[sub_resource type="CylinderShape" id=9]

[node name="Hammer" type="Spatial"]
script = ExtResource( 3 )

[node name="HammerCombiner" type="Spatial" parent="."]
transform = Transform( 1, 0, 0, 0, -0.5, 0.866025, 0, -0.866025, -0.5, 0, 6.72609, 0 )

[node name="Generic6DOFJoint" type="Generic6DOFJoint" parent="HammerCombiner"]
transform = Transform( 1, 0, 0, 0, 1, 0, 0, 0, 1, 0, 2.57492e-05, 0 )
nodes/node_a = NodePath("../HammerPivot")
nodes/node_b = NodePath("../HammerArm")
angular_limit_x/upper_angle = 180.0
angular_limit_x/lower_angle = -180.0

[node name="HammerPivot" type="StaticBody" parent="HammerCombiner"]
transform = Transform( 1, 0, 0, 0, 1, 0, 0, 0, 1, 0, 2.57492e-05, 0 )

[node name="CollisionShape" type="CollisionShape" parent="HammerCombiner/HammerPivot"]
shape = SubResource( 1 )

[node name="MeshInstance" type="MeshInstance" parent="HammerCombiner/HammerPivot"]
transform = Transform( 0.25, 0, 0, 0, 0.25, 0, 0, 0, 0.25, 0, 0, 0 )
mesh = SubResource( 2 )
material/0 = null

[node name="HammerArm" type="RigidBody" parent="HammerCombiner"]
transform = Transform( 1, 0, 0, 0, 1, 0, 0, 0, 1, 0, -3.31391, 0 )
sleeping = true

[node name="CollisionShape" type="CollisionShape" parent="HammerCombiner/HammerArm"]
shape = SubResource( 3 )

[node name="MeshInstance" type="MeshInstance" parent="HammerCombiner/HammerArm"]
mesh = SubResource( 4 )
material/0 = null

[node name="HammerHeadJoint" type="Generic6DOFJoint" parent="HammerCombiner"]
transform = Transform( 1, 0, 0, 0, 1, 0, 0, 0, 1, 0, -5.39675, 0 )
nodes/node_a = NodePath("../HammerArm")
nodes/node_b = NodePath("../HammerHead")

[node name="HammerHead" type="RigidBody" parent="HammerCombiner"]
transform = Transform( 1, 0, 0, 0, 1, 0, 0, 0, 1, 0, -5.37191, 0 )
mass = 10.0
sleeping = true

[node name="CollisionShape" type="CollisionShape" parent="HammerCombiner/HammerHead"]
transform = Transform( 1, 0, 0, 0, 1, 0, 0, 0, 1, 0, 0.000310421, 0 )
shape = SubResource( 5 )

[node name="MeshInstance" type="MeshInstance" parent="HammerCombiner/HammerHead/CollisionShape"]
transform = Transform( 0.7, 0, 0, 0, 0.7, 0, 0, 0, 1, 0, 0, 0 )
mesh = SubResource( 6 )
material/0 = null

[node name="ActivationArea" type="Area" parent="."]
transform = Transform( 1, 0, 0, 0, 1, 0, 0, 0, 1, 0, 1, 0 )
collision_layer = 0
collision_mask = 8

[node name="CollisionShape" type="CollisionShape" parent="ActivationArea"]
shape = SubResource( 9 )
[connection signal="body_entered" from="ActivationArea" to="." method="_on_ActivationArea_body_entered"]
