[gd_scene load_steps=8 format=2]

[ext_resource path="res://src/Spider/Spider.gd" type="Script" id=1]

[sub_resource type="SphereShape" id=1]
radius = 0.75

[sub_resource type="SphereMesh" id=2]

[sub_resource type="CapsuleShape" id=3]
radius = 0.9

[sub_resource type="SphereMesh" id=4]

[sub_resource type="BoxShape" id=5]
extents = Vector3( 0.75, 0.15, 0.15 )

[sub_resource type="CubeMesh" id=6]

[node name="Spider" type="Spatial"]
script = ExtResource( 1 )

[node name="Body" type="RigidBody" parent="."]
transform = Transform( 1, 0, 0, 0, 1, 0, 0, 0, 1, 0, 1.4368, 0 )
mass = 8.0

[node name="FrontCollisionShape" type="CollisionShape" parent="Body"]
transform = Transform( 1, 0, 0, 0, 1, 0, 0, 0, 1, 0, 0, -1.36802 )
shape = SubResource( 1 )

[node name="MeshBodyFront" type="MeshInstance" parent="Body/FrontCollisionShape"]
transform = Transform( 0.75, 0, 0, 0, 0.75, 0, 0, 0, 0.75, 0, 0, 0 )
mesh = SubResource( 2 )
material/0 = null

[node name="BackCollisionShape" type="CollisionShape" parent="Body"]
transform = Transform( 1, 0, 0, 0, 1, 0, 0, 0, 1, 0, 0, 0.00760746 )
shape = SubResource( 3 )

[node name="MeshBodyBack" type="MeshInstance" parent="Body/BackCollisionShape"]
transform = Transform( 1, 0, 0, 0, 1, 0, 0, 0, 1.5, 0, 0, -0.0221491 )
mesh = SubResource( 4 )
material/0 = null

[node name="LLeg1" type="Spatial" parent="."]
transform = Transform( 1, 0, 0, 0, 1, 0, 0, 0, 1, 0, 1.4368, 0 )

[node name="Leg2BodyGenertic6DOFJoint" type="Generic6DOFJoint" parent="LLeg1"]
transform = Transform( 1, 0, 0, 0, 1, 0, 0, 0, 1, -0.837002, -0.000854373, -0.864682 )
nodes/node_a = NodePath("../../Body")
nodes/node_b = NodePath("../LegTop")
collision/exclude_nodes = false

[node name="LegTop" type="RigidBody" parent="LLeg1"]
transform = Transform( 0.993132, 0.117, 0, -0.117, 0.993132, 0, 0, 0, 1, -1.85639, 0.182391, 0 )

[node name="CollisionShape" type="CollisionShape" parent="LLeg1/LegTop"]
transform = Transform( 1, 0, 0, 0, 1, 0, 0, 0, 1, 0.210718, 0, -0.871668 )
shape = SubResource( 5 )

[node name="MeshInstance" type="MeshInstance" parent="LLeg1/LegTop/CollisionShape"]
transform = Transform( 0.75, 0, 0, 0, 0.15, 0, 0, 0, 0.15, 0.154896, 0, 0 )
mesh = SubResource( 6 )
material/0 = null

[node name="Top2MidGeneric6DOFJoint" type="Generic6DOFJoint" parent="LLeg1"]
transform = Transform( 1, 0, 0, 0, 1, 0, 0, 0, 1, -2.28413, 0.207981, -0.864682 )
nodes/node_a = NodePath("../LegTop")
nodes/node_b = NodePath("../LegMid")
angular_limit_z/lower_angle = -180.0

[node name="LegMid" type="RigidBody" parent="LLeg1"]
transform = Transform( 0.947702, -0.319158, 0, 0.319158, 0.947702, 0, 0, 0, 1, -3.40477, -0.142141, 0 )

[node name="CollisionShape" type="CollisionShape" parent="LLeg1/LegMid"]
transform = Transform( 1, 0, 0, 0, 1, 0, 0, 0, 1, 0.210718, 0, -0.871668 )
shape = SubResource( 5 )

[node name="MeshInstance" type="MeshInstance" parent="LLeg1/LegMid/CollisionShape"]
transform = Transform( 0.75, 0, 0, 0, 0.15, 0, 0, 0, 0.15, 0.154896, 0, 0 )
mesh = SubResource( 6 )
material/0 = null

[node name="Mid2BottomGeneric6DOFJoint" type="Generic6DOFJoint" parent="LLeg1"]
transform = Transform( 1, 0, 0, 0, 1, 0, 0, 0, 1, -3.80652, -0.298066, -0.864682 )
nodes/node_a = NodePath("../LegMid")
nodes/node_b = NodePath("../LegBottom")
collision/exclude_nodes = false

[node name="LegBottom" type="RigidBody" parent="LLeg1"]
transform = Transform( 0.741144, -0.671346, 0, 0.671346, 0.741144, 0, 0, 0, 1, -4.68232, -1.06448, 0 )

[node name="CollisionShape" type="CollisionShape" parent="LLeg1/LegBottom"]
transform = Transform( 1, 0, 0, 0, 1, 0, 0, 0, 1, 0.210718, 0, -0.871668 )
shape = SubResource( 5 )

[node name="MeshInstance" type="MeshInstance" parent="LLeg1/LegBottom/CollisionShape"]
transform = Transform( 0.75, 0, 0, 0, 0.15, 0, 0, 0, 0.15, 0.154896, 0, 0 )
mesh = SubResource( 6 )
material/0 = null
