[gd_scene load_steps=25 format=2]

[ext_resource path="res://src/Character/Character.gd" type="Script" id=1]
[ext_resource path="res://resources/materials/Metal001.material" type="Material" id=2]
[ext_resource path="res://resources/materials/Metal007.material" type="Material" id=3]
[ext_resource path="res://assets/audio/metal shake.ogg" type="AudioStream" id=4]
[ext_resource path="res://assets/audio/metal step.ogg" type="AudioStream" id=5]
[ext_resource path="res://resources/materials/Metal021.material" type="Material" id=6]
[ext_resource path="res://resources/materials/PaintedMetal004.material" type="Material" id=7]
[ext_resource path="res://assets/audio/metal impact.ogg" type="AudioStream" id=8]

[sub_resource type="SphereShape" id=1]
radius = 0.5

[sub_resource type="SphereShape" id=2]
radius = 0.15

[sub_resource type="SphereMesh" id=3]
material = ExtResource( 2 )

[sub_resource type="PrismMesh" id=4]
material = ExtResource( 3 )

[sub_resource type="CubeMesh" id=5]
material = ExtResource( 7 )

[sub_resource type="CylinderMesh" id=6]
material = ExtResource( 3 )

[sub_resource type="CylinderMesh" id=7]
material = ExtResource( 3 )

[sub_resource type="SpatialMaterial" id=8]
emission_enabled = true
emission = Color( 1, 1, 1, 1 )
emission_energy = 10.0
emission_operator = 0
emission_on_uv2 = false

[sub_resource type="CylinderMesh" id=9]
material = SubResource( 8 )

[sub_resource type="AudioStreamRandomPitch" id=10]
audio_stream = ExtResource( 4 )

[sub_resource type="AudioStreamRandomPitch" id=11]
audio_stream = ExtResource( 5 )
random_pitch = 1.5

[sub_resource type="AudioStreamRandomPitch" id=12]
audio_stream = ExtResource( 8 )
random_pitch = 1.5

[sub_resource type="BoxShape" id=13]
extents = Vector3( 0.04, 0.2, 0.04 )

[sub_resource type="CubeMesh" id=14]
material = ExtResource( 6 )
size = Vector3( 0.08, 0.4, 0.08 )

[sub_resource type="BoxShape" id=15]
extents = Vector3( 0.1, 0.05, 0.2 )

[sub_resource type="CubeMesh" id=16]
material = ExtResource( 7 )
size = Vector3( 0.2, 0.1, 0.4 )

[node name="Character" type="Spatial"]
script = ExtResource( 1 )

[node name="Body" type="RigidBody" parent="."]
transform = Transform( 1, 0, 0, 0, 1, 0, 0, 0, 1, 0, 1.17384, 0 )
collision_layer = 9
mass = 1.5
contacts_reported = 1
contact_monitor = true

[node name="CollisionShape" type="CollisionShape" parent="Body"]
shape = SubResource( 1 )

[node name="RayCast" type="RayCast" parent="Body"]
enabled = true
cast_to = Vector3( 0, -2, 0 )

[node name="BackCast" type="RayCast" parent="Body"]
enabled = true
cast_to = Vector3( 0, 0, 0.75 )

[node name="FrontCast" type="RayCast" parent="Body"]
enabled = true
cast_to = Vector3( 0, 0, -1 )

[node name="Area" type="Area" parent="Body"]
transform = Transform( 1, 0, 0, 0, 1, 0, 0, 0, 1, 0, -0.0484437, -0.660169 )
collision_layer = 2
collision_mask = 2

[node name="CollisionShape" type="CollisionShape" parent="Body/Area"]
shape = SubResource( 2 )

[node name="BeakJoint" type="PinJoint" parent="Body"]
transform = Transform( 1, 0, 0, 0, 1, 0, 0, 0, 1, 0, -0.165326, -0.518324 )
collision/exclude_nodes = false
params/bias = 0.99

[node name="BodyMesh" type="MeshInstance" parent="Body"]
transform = Transform( 0.5, 0, 0, 0, 0.5, 0, 0, 0, 0.5, 0, 0, 0 )
mesh = SubResource( 3 )
material/0 = null

[node name="BeakMesh" type="MeshInstance" parent="Body"]
transform = Transform( 0.1, 0, 0, 0, -4.37114e-09, 0.1, 0, -0.1, -4.37114e-09, 0.000217676, -0.15959, -0.501588 )
mesh = SubResource( 4 )
material/0 = null

[node name="BackpackMesh" type="MeshInstance" parent="Body"]
transform = Transform( 0.25, 0, 0, 0, 0.25, 0, 0, 0, 0.25, 0, 0, 0.268333 )
mesh = SubResource( 5 )
material/0 = null

[node name="AntennaMesh" type="MeshInstance" parent="Body/BackpackMesh"]
transform = Transform( 0.05, 0, 0, 0, 1, 0, 0, 0, 0.05, -0.802073, 1.91974, 0.73451 )
mesh = SubResource( 6 )
material/0 = null

[node name="TorchMesh" type="MeshInstance" parent="Body"]
transform = Transform( 0.05, 0, 0, 0, 0.0439405, -0.0492216, 0, 0.246108, 0.00878809, 0, 0.313592, -0.257012 )
mesh = SubResource( 7 )
material/0 = null

[node name="SpotLight" type="SpotLight" parent="Body/TorchMesh"]
transform = Transform( 20, 0, 0, 0, -1.74846e-07, 4, 0, -20, -8.74228e-07, 0, -1.13939, -0.0677643 )
shadow_enabled = true
spot_range = 7.60826
spot_angle = 54.8798

[node name="TorchLightMesh" type="MeshInstance" parent="Body/TorchMesh"]
transform = Transform( 0.899999, 0, 0, 0, 0.9, 2.23517e-08, 0, -1.78814e-07, 0.9, 0, -0.112951, -0.00610161 )
mesh = SubResource( 9 )
material/0 = null

[node name="TorchMesh2" type="MeshInstance" parent="Body"]
transform = Transform( 0.05, 0, 0, 0, 0.24447, -0.0104579, 0, 0.0522895, 0.0488941, 0, -0.325932, 0.232846 )
visible = false
mesh = SubResource( 7 )
material/0 = null

[node name="SpotLight" type="SpotLight" parent="Body/TorchMesh2"]
transform = Transform( 20, 0, 0, 0, -1.74846e-07, 4, 0, -20, -8.74228e-07, 0, -1.13939, -0.0677643 )
light_color = Color( 0, 1, 0, 1 )
spot_range = 1.79259
spot_angle = 56.153

[node name="ShakeAudio" type="AudioStreamPlayer3D" parent="Body"]
transform = Transform( 1, 0, 0, 0, 1, 0, 0, 0, 1, 0, -0.0493284, 0 )
stream = SubResource( 10 )
autoplay = true
bus = "SFX"

[node name="StepAudio" type="AudioStreamPlayer3D" parent="Body"]
transform = Transform( 1, 0, 0, 0, 1, 0, 0, 0, 1, 0, -1, 0 )
stream = SubResource( 11 )
unit_size = 1.5
bus = "SFX"

[node name="ImpactAudio" type="AudioStreamPlayer3D" parent="Body"]
stream = SubResource( 12 )
unit_size = 3.0

[node name="Generic6DOFJoint" type="Generic6DOFJoint" parent="."]
transform = Transform( 1, 0, 0, 0, 1, 0, 0, 0, 1, -0.410127, 0.870429, 0 )
nodes/node_a = NodePath("../Body")
nodes/node_b = NodePath("../LegL/LegTop")
angular_limit_x/upper_angle = 90.0
angular_limit_x/lower_angle = -90.0

[node name="Generic6DOFJoint2" type="Generic6DOFJoint" parent="."]
transform = Transform( 1, 0, 0, 0, 1, 0, 0, 0, 1, 0.41, 0.87, 0 )
nodes/node_a = NodePath("../Body")
nodes/node_b = NodePath("../LegR/LegTop")
angular_limit_x/upper_angle = 90.0
angular_limit_x/lower_angle = -90.0

[node name="LegL" type="Spatial" parent="."]
transform = Transform( 1, 0, 0, 0, 1, 0, 0, 0, 1, -0.45, 0, 0 )

[node name="LegTop" type="RigidBody" parent="LegL"]
transform = Transform( 1, 0, 0, 0, 1, 0, 0, 0, 1, -0.00265098, 0.662781, 0 )
mass = 0.5

[node name="CollisionShape" type="CollisionShape" parent="LegL/LegTop"]
shape = SubResource( 13 )

[node name="MeshInstance" type="MeshInstance" parent="LegL/LegTop"]
mesh = SubResource( 14 )
material/0 = null

[node name="LegBottom" type="RigidBody" parent="LegL"]
transform = Transform( 1, 0, 0, 0, 1, 0, 0, 0, 1, -0.00265098, 0.205822, 0 )
mass = 0.5
contacts_reported = 1
contact_monitor = true

[node name="CollisionShape" type="CollisionShape" parent="LegL/LegBottom"]
shape = SubResource( 13 )

[node name="MeshInstance" type="MeshInstance" parent="LegL/LegBottom"]
mesh = SubResource( 14 )
material/0 = null

[node name="FootCollision" type="CollisionShape" parent="LegL/LegBottom"]
transform = Transform( 1, 0, 0, 0, 1, 0, 0, 0, 1, 0, -0.154, 0 )
shape = SubResource( 15 )

[node name="FootMesh" type="MeshInstance" parent="LegL/LegBottom/FootCollision"]
mesh = SubResource( 16 )
material/0 = null

[node name="StepParticlesLocation" type="Position3D" parent="LegL/LegBottom/FootCollision"]
transform = Transform( 1, 0, 0, 0, 1, 0, 0, 0, 1, 0.000497997, -0.051822, 0 )

[node name="Generic6DOFJointLeg" type="Generic6DOFJoint" parent="LegL"]
transform = Transform( 1, 0, 0, 0, 1, 0, 0, 0, 1, -0.00265098, 0.433828, 0 )
nodes/node_a = NodePath("../LegTop")
nodes/node_b = NodePath("../LegBottom")
collision/exclude_nodes = false
angular_limit_x/upper_angle = 54.19
angular_limit_x/lower_angle = -3.87

[node name="LegR" type="Spatial" parent="."]
transform = Transform( 1, 0, 0, 0, 1, 0, 0, 0, 1, 0.45, 0, 0 )

[node name="LegTop" type="RigidBody" parent="LegR"]
transform = Transform( 1, 0, 0, 0, 1, 0, 0, 0, 1, -0.00265098, 0.662781, 0 )
mass = 0.5

[node name="CollisionShape" type="CollisionShape" parent="LegR/LegTop"]
shape = SubResource( 13 )

[node name="MeshInstance" type="MeshInstance" parent="LegR/LegTop"]
mesh = SubResource( 14 )
material/0 = null

[node name="LegBottom" type="RigidBody" parent="LegR"]
transform = Transform( 1, 0, 0, 0, 1, 0, 0, 0, 1, -0.00265098, 0.205822, 0 )
mass = 0.5
contacts_reported = 1
contact_monitor = true

[node name="CollisionShape" type="CollisionShape" parent="LegR/LegBottom"]
shape = SubResource( 13 )

[node name="MeshInstance" type="MeshInstance" parent="LegR/LegBottom"]
mesh = SubResource( 14 )
material/0 = null

[node name="FootCollision" type="CollisionShape" parent="LegR/LegBottom"]
transform = Transform( 1, 0, 0, 0, 1, 0, 0, 0, 1, 0, -0.154, 0 )
shape = SubResource( 15 )

[node name="FootMesh" type="MeshInstance" parent="LegR/LegBottom/FootCollision"]
mesh = SubResource( 16 )
material/0 = null

[node name="StepParticlesLocation" type="Position3D" parent="LegR/LegBottom/FootCollision"]
transform = Transform( 1, 0, 0, 0, 1, 0, 0, 0, 1, 0, -0.052, 0 )

[node name="Generic6DOFJoint" type="Generic6DOFJoint" parent="LegR"]
transform = Transform( 1, 0, 0, 0, 1, 0, 0, 0, 1, -0.00265098, 0.433828, 0 )
nodes/node_a = NodePath("../LegTop")
nodes/node_b = NodePath("../LegBottom")
collision/exclude_nodes = false
angular_limit_x/upper_angle = 54.19
angular_limit_x/lower_angle = -3.87

[node name="Timer" type="Timer" parent="."]
wait_time = 0.5
autostart = true

[node name="GrabTween" type="Tween" parent="."]

[node name="ShakeTween" type="Tween" parent="."]
[connection signal="body_entered" from="Body" to="." method="_on_Body_body_entered"]
[connection signal="body_entered" from="Body/Area" to="." method="_on_Area_body_entered"]
[connection signal="body_exited" from="Body/Area" to="." method="_on_Area_body_exited"]
[connection signal="body_entered" from="LegL/LegBottom" to="." method="_on_LeftLegBottom_body_entered"]
[connection signal="body_entered" from="LegR/LegBottom" to="." method="_on_RightLegBottom_body_entered"]
[connection signal="timeout" from="Timer" to="." method="_on_Timer_timeout"]
