[gd_scene load_steps=15 format=2]

[ext_resource path="res://assets/fonts/kenney/Kenney Future Narrow.ttf" type="DynamicFontData" id=1]
[ext_resource path="res://src/Character/Character.tscn" type="PackedScene" id=2]
[ext_resource path="res://src/Enviroments/NightWorldEnvironment.tscn" type="PackedScene" id=3]
[ext_resource path="res://resources/materials/PavingStones046.material" type="Material" id=4]
[ext_resource path="res://src/MainMenu/MainMenu.gd" type="Script" id=5]

[sub_resource type="StyleBoxEmpty" id=1]

[sub_resource type="StyleBoxEmpty" id=2]

[sub_resource type="StyleBoxFlat" id=3]
bg_color = Color( 0.6, 0.6, 0.6, 0 )
draw_center = false
border_color = Color( 0.8, 0.8, 0.8, 0 )

[sub_resource type="StyleBoxFlat" id=4]
bg_color = Color( 0, 0, 0, 0 )
border_color = Color( 0.8, 0.8, 0.8, 0 )

[sub_resource type="StyleBoxEmpty" id=5]

[sub_resource type="DynamicFont" id=6]
size = 64
font_data = ExtResource( 1 )

[sub_resource type="Theme" id=7]
default_font = SubResource( 6 )
Button/colors/font_color = Color( 0.588235, 0.588235, 0.588235, 1 )
Button/colors/font_color_disabled = Color( 0.9, 0.9, 0.9, 0.2 )
Button/colors/font_color_hover = Color( 0.94, 0.94, 0.94, 1 )
Button/colors/font_color_pressed = Color( 1, 1, 1, 1 )
Button/constants/hseparation = 2
Button/fonts/font = null
Button/styles/disabled = SubResource( 1 )
Button/styles/focus = SubResource( 2 )
Button/styles/hover = SubResource( 3 )
Button/styles/normal = SubResource( 4 )
Button/styles/pressed = SubResource( 5 )

[sub_resource type="ProceduralSky" id=8]
sky_top_color = Color( 0.0901961, 0.117647, 0.313726, 1 )
sky_horizon_color = Color( 0.219608, 0.207843, 0.435294, 1 )
sky_curve = 0.13
ground_bottom_color = Color( 0.219608, 0.207843, 0.435294, 1 )
ground_horizon_color = Color( 0.219608, 0.207843, 0.435294, 1 )
sun_color = Color( 0.152941, 0.470588, 0.698039, 1 )
sun_latitude = 50.0
sun_angle_max = 30.0
sun_energy = 30.0

[sub_resource type="Environment" id=9]
resource_local_to_scene = true
background_mode = 2
background_sky = SubResource( 8 )
ambient_light_energy = 3.0
ambient_light_sky_contribution = 0.3
fog_enabled = true
fog_color = Color( 0.219608, 0.207843, 0.435294, 1 )
fog_depth_begin = 5.0
fog_depth_end = 50.0
fog_height_enabled = true
fog_height_min = 4.0
fog_height_max = -10.0
fog_height_curve = 0.615572
tonemap_mode = 2
tonemap_white = 16.0
ss_reflections_depth_tolerance = 128.0
ssao_enabled = true
ssao_radius = 0.36
ssao_intensity = 9.58
ssao_bias = 0.019
ssao_light_affect = 0.59
ssao_ao_channel_affect = 0.7
ssao_quality = 2
dof_blur_far_enabled = true
dof_blur_far_distance = 1.0
dof_blur_far_transition = 3.69
dof_blur_near_distance = 12.0
dof_blur_near_transition = 0.85
glow_enabled = true

[node name="Spatial" type="Spatial"]

[node name="MainMenu" type="Control" parent="."]
anchor_right = 1.0
anchor_bottom = 1.0
script = ExtResource( 5 )
__meta__ = {
"_edit_use_anchors_": false
}

[node name="VBoxContainer" type="VBoxContainer" parent="MainMenu"]
anchor_top = 1.0
anchor_bottom = 1.0
margin_left = 28.1267
margin_top = -196.757
margin_right = 311.127
margin_bottom = 51.2433
theme = SubResource( 7 )
custom_constants/separation = 16
__meta__ = {
"_edit_use_anchors_": false
}

[node name="StartButton" type="Button" parent="MainMenu/VBoxContainer"]
margin_right = 283.0
margin_bottom = 72.0
text = "Start"

[node name="OptionsButton" type="Button" parent="MainMenu/VBoxContainer"]
visible = false
margin_top = 88.0
margin_right = 283.0
margin_bottom = 160.0
text = "Options"

[node name="QuitButton" type="Button" parent="MainMenu/VBoxContainer"]
margin_top = 88.0
margin_right = 283.0
margin_bottom = 160.0
text = "Quit"

[node name="CSGCombiner" type="CSGCombiner" parent="."]
material_override = ExtResource( 4 )
use_collision = true

[node name="CSGBox" type="CSGBox" parent="CSGCombiner"]
transform = Transform( 1, 0, 0, 0, 1, 0, 0, 0, 1, 0, -1, 0 )
width = 32.0
depth = 32.0

[node name="Character" parent="." instance=ExtResource( 2 )]
alive = false
playable = false

[node name="NightWorldEnvironment" parent="." instance=ExtResource( 3 )]
environment = SubResource( 9 )

[node name="Camera" type="Camera" parent="."]
transform = Transform( -0.707107, 0, -0.707107, 0, 1, 0, 0.707107, 0, -0.707107, -6.22212, 1.02568, -7.84976 )
fov = 20.0
[connection signal="pressed" from="MainMenu/VBoxContainer/StartButton" to="MainMenu" method="_on_StartButton_pressed"]
[connection signal="pressed" from="MainMenu/VBoxContainer/QuitButton" to="MainMenu" method="_on_QuitButton_pressed"]
