[gd_scene load_steps=25 format=2]

[ext_resource path="res://resources/materials/Metal001.material" type="Material" id=1]
[ext_resource path="res://resources/materials/Metal035.material" type="Material" id=2]
[ext_resource path="res://resources/materials/Wood063.material" type="Material" id=3]
[ext_resource path="res://resources/custom_nodes/Conduction.gd" type="Script" id=5]
[ext_resource path="res://resources/materials/Wood035.material" type="Material" id=6]
[ext_resource path="res://src/Character/Character.tscn" type="PackedScene" id=7]
[ext_resource path="res://assets/models/ruler/ruler.tscn" type="PackedScene" id=8]
[ext_resource path="res://src/Enviroments/DayWorldEnvironment.tscn" type="PackedScene" id=16]

[sub_resource type="BoxShape" id=1]
extents = Vector3( 0.631172, 0.05, 0.05 )

[sub_resource type="CubeMesh" id=2]
material = ExtResource( 2 )

[sub_resource type="BoxShape" id=3]
extents = Vector3( 0.5, 0.25, 0.5 )

[sub_resource type="ProceduralSky" id=4]
sky_top_color = Color( 0.211765, 0.313726, 0.552941, 1 )
sky_horizon_color = Color( 0.545098, 0.686275, 0.811765, 1 )
sky_curve = 0.13
ground_bottom_color = Color( 0.545098, 0.686275, 0.811765, 1 )
ground_horizon_color = Color( 0.545098, 0.686275, 0.811765, 1 )
sun_latitude = 50.0
sun_angle_max = 30.0
sun_energy = 30.0

[sub_resource type="Environment" id=5]
resource_local_to_scene = true
background_mode = 2
background_sky = SubResource( 4 )
ambient_light_color = Color( 0.5, 0.5, 0.5, 1 )
ambient_light_energy = 3.0
ambient_light_sky_contribution = 0.3
tonemap_mode = 2
tonemap_white = 16.0
ss_reflections_depth_tolerance = 128.0
ssao_enabled = true
ssao_radius = 0.36
ssao_intensity = 9.58
ssao_bias = 0.019
ssao_light_affect = 0.59
ssao_ao_channel_affect = 0.7
ssao_quality = 2
dof_blur_far_enabled = true
dof_blur_far_distance = 20.0
dof_blur_far_transition = 3.69
dof_blur_near_enabled = true
dof_blur_near_distance = 10.0
dof_blur_near_transition = 0.85
glow_enabled = true

[sub_resource type="CubeMesh" id=6]
size = Vector3( 2, 0.32, 2 )

[sub_resource type="BoxShape" id=7]

[sub_resource type="CubeMesh" id=8]
size = Vector3( 1, 0.32, 4 )

[sub_resource type="CylinderMesh" id=9]
top_radius = 0.1
bottom_radius = 0.1

[sub_resource type="CylinderShape" id=10]

[sub_resource type="CylinderMesh" id=11]
top_radius = 0.1
bottom_radius = 0.1
height = 6.0

[sub_resource type="CylinderShape" id=12]

[sub_resource type="CylinderShape" id=13]

[sub_resource type="CylinderMesh" id=14]

[sub_resource type="CylinderShape" id=15]
radius = 0.25
height = 0.25

[sub_resource type="CylinderMesh" id=16]
top_radius = 0.25
bottom_radius = 0.25
height = 0.25

[node name="Spatial" type="Spatial"]

[node name="Camera" type="Camera" parent="."]
transform = Transform( 0.707107, 0.5, -0.5, 0, 0.707107, 0.707107, 0.707107, -0.5, 0.5, -1.417, 13.857, 5 )
projection = 1
current = true
size = 12.0

[node name="Listener" type="Listener" parent="Camera"]
transform = Transform( 1, -2.98023e-08, 5.96046e-08, 8.9407e-08, 0.906308, -0.422618, -2.98023e-08, 0.422618, 0.906308, 0, 0, 0 )
current = true

[node name="Character" parent="." instance=ExtResource( 7 )]
transform = Transform( 1, 0, 0, 0, 1, 0, 0, 0, 1, 9.397, 0, -2.192 )

[node name="CSGLightWood" type="CSGCombiner" parent="."]
use_collision = true

[node name="CSGBox" type="CSGBox" parent="CSGLightWood"]
transform = Transform( 1, 0, 0, 0, 1, 0, 0, 0, 1, 1.48166, -5.02475, -0.235323 )
width = 200.0
height = 10.0
depth = 200.0
material = ExtResource( 3 )

[node name="CSGDarkWood" type="CSGCombiner" parent="."]
transform = Transform( 1, 0, 0, 0, 1, 0, 0, 0, 1, -1.50828, 0, 0.452609 )
use_collision = true

[node name="CSGBox5" type="CSGBox" parent="CSGDarkWood"]
transform = Transform( -1, 0, -8.74228e-08, 0, 1, 0, 8.74228e-08, 0, -1, 20.6043, 2.62057, 4.38451 )
width = 6.56552
height = 0.493293
material = ExtResource( 6 )

[node name="CSGBox6" type="CSGBox" parent="CSGDarkWood"]
transform = Transform( -1, 0, -8.74228e-08, 0, 1, 0, 8.74228e-08, 0, -1, 18.4386, 0.132422, 4.38451 )
width = 3.03339
height = 5.4705
material = ExtResource( 6 )

[node name="CSGPolygon" type="CSGPolygon" parent="CSGDarkWood"]
transform = Transform( 1.26632e-06, 55, -1.50996e-06, 28.97, -2.40413e-06, 1.84304e-20, -1.91209e-13, -8.30477e-06, -10, 15.1893, -0.0280204, -8.19965 )
polygon = PoolVector2Array( 0, 0, 0, 1, 1, 1, 0, 0 )
material = ExtResource( 6 )

[node name="Hole" type="CSGBox" parent="CSGDarkWood"]
transform = Transform( 1, 0, 0, 0, 1, 0, 0, 0, 1, 18.1125, 2.8222, 4.41246 )
operation = 2
width = 1.25
height = 0.15
depth = 1.25

[node name="Conduction" type="Spatial" parent="CSGDarkWood/Hole"]
script = ExtResource( 5 )
area_node_a = NodePath("../../../CSGDarkWood/Hole/Conduction/AreaA")
area_node_b = NodePath("../../../CSGDarkWood/Hole/Conduction/AreaB")

[node name="AreaA" type="Area" parent="CSGDarkWood/Hole/Conduction"]
transform = Transform( 1, 0, 0, 0, 1, 0, 0, 0, 1, 0, 0, -0.5 )
collision_layer = 0
collision_mask = 4

[node name="CollisionShape" type="CollisionShape" parent="CSGDarkWood/Hole/Conduction/AreaA"]
shape = SubResource( 1 )

[node name="AreaB" type="Area" parent="CSGDarkWood/Hole/Conduction"]
transform = Transform( 1, 0, 0, 0, 1, 0, 0, 0, 1, 0, 0, 0.5 )
collision_layer = 0
collision_mask = 4

[node name="CollisionShape" type="CollisionShape" parent="CSGDarkWood/Hole/Conduction/AreaB"]
shape = SubResource( 1 )

[node name="RigidBody" type="RigidBody" parent="."]
transform = Transform( 0.87969, -0.475547, 0, 0.475547, 0.87969, 0, 0, 0, 1, 64.6423, 30.3646, -2.25156 )
collision_layer = 7

[node name="MeshInstance" type="MeshInstance" parent="RigidBody"]
transform = Transform( 0.5, 0, 0, 0, 0.25, 0, 0, 0, 0.5, 0, 0, 0 )
mesh = SubResource( 2 )
material/0 = null

[node name="CollisionShape" type="CollisionShape" parent="RigidBody"]
shape = SubResource( 3 )

[node name="Ruler2" parent="." instance=ExtResource( 8 )]
transform = Transform( -0.98144, 0, -0.191768, 0, 1, 0, 0.191768, 0, -0.98144, -1.03702, 0, -3.51614 )

[node name="ReflectionProbe" type="ReflectionProbe" parent="."]
transform = Transform( 1, 0, 0, 0, 1, 0, 0, 0, 1, 4.41459, 4.17148, 0 )
extents = Vector3( 20, 10, 20 )

[node name="DayWorldEnvironment" parent="." instance=ExtResource( 16 )]
environment = SubResource( 5 )

[node name="Car" type="Spatial" parent="."]
transform = Transform( -4.34833e-08, -0.47352, -0.880783, -4.45981e-09, 0.880783, -0.47352, 1, -1.66621e-08, -4.04112e-08, 66.1769, 27.2851, -2.3663 )

[node name="Chassi" type="RigidBody" parent="Car"]
transform = Transform( 1, 0, 0, 0, 1, 0, 0, 0, 1, 0, 0.330079, 0 )
mass = 5.0

[node name="TopMeshInstance" type="MeshInstance" parent="Car/Chassi"]
transform = Transform( 1, 0, 0, 0, 1, 6.73333e-16, 0, 6.73333e-16, 1, 0, 2.68023, 3.8147e-06 )
mesh = SubResource( 6 )
material/0 = ExtResource( 6 )

[node name="TopPlatform" type="CollisionShape" parent="Car/Chassi"]
transform = Transform( 1, 0, 0, 0, 0.16, 0, 0, 0, 1, 0, 2.68023, 0 )
shape = SubResource( 7 )

[node name="BottomMeshInstance" type="MeshInstance" parent="Car/Chassi"]
transform = Transform( 1, 0, 0, 0, 1, 0, 0, 0, 1, 0, 0.471915, 0 )
mesh = SubResource( 8 )
material/0 = ExtResource( 6 )

[node name="BottomPlatform" type="CollisionShape" parent="Car/Chassi"]
transform = Transform( 0.5, 0, 0, 0, 0.16, 0, 0, 0, 2, 0, 0.471915, 0 )
shape = SubResource( 7 )

[node name="StickMeshInstance" type="MeshInstance" parent="Car/Chassi"]
transform = Transform( 1, 0, 0, 0, 1, 0, 0, 0, 1, 0, 1.50783, 0 )
mesh = SubResource( 9 )
material/0 = ExtResource( 1 )

[node name="Stick" type="CollisionShape" parent="Car/Chassi"]
transform = Transform( 0.1, 0, 0, 0, 1, 0, 0, 0, 0.1, 0, 1.50783, 0 )
shape = SubResource( 10 )

[node name="HingeJointFront" type="HingeJoint" parent="Car"]
transform = Transform( -4.37114e-08, 0, -1, 0, 1, 0, 1, 0, -4.37114e-08, 0, 0.802, -1.8 )
nodes/node_a = NodePath("../Chassi")
nodes/node_b = NodePath("../WheelsFront")
params/bias = 0.99
angular_limit/upper = 180.0
angular_limit/lower = -180.0

[node name="WheelsFront" type="RigidBody" parent="Car"]
transform = Transform( 1, 0, 0, 0, 1, 0, 0, 0, 1, 0, 0.802, -1.8 )

[node name="BeamMeshInstance" type="MeshInstance" parent="Car/WheelsFront"]
transform = Transform( -1.62921e-07, -1, 0, 1, -1.62921e-07, 0, 0, 0, 1, 0, 0, 0 )
mesh = SubResource( 11 )
material/0 = ExtResource( 1 )

[node name="Beam" type="CollisionShape" parent="Car/WheelsFront"]
transform = Transform( -1.62921e-08, -3, 0, 0.1, -4.88762e-07, 0, 0, 0, 0.1, 0, 0, 0 )
shape = SubResource( 12 )

[node name="WheelR" type="CollisionShape" parent="Car/WheelsFront"]
transform = Transform( -8.14603e-08, -0.1, 0, 0.5, -1.62921e-08, 0, 0, 0, 0.5, -2.8, 0, 0 )
shape = SubResource( 13 )

[node name="MeshInstance" type="MeshInstance" parent="Car/WheelsFront/WheelR"]
mesh = SubResource( 14 )
material/0 = ExtResource( 1 )

[node name="WheelL" type="CollisionShape" parent="Car/WheelsFront"]
transform = Transform( -8.14603e-08, -0.1, 0, 0.5, -1.62921e-08, 0, 0, 0, 0.5, 2.8, 0, 0 )
shape = SubResource( 13 )

[node name="MeshInstance" type="MeshInstance" parent="Car/WheelsFront/WheelL"]
mesh = SubResource( 14 )
material/0 = ExtResource( 1 )

[node name="HingeJointBack" type="HingeJoint" parent="Car"]
transform = Transform( -4.37114e-08, 0, -1, 0, 1, 0, 1, 0, -4.37114e-08, 0, 0.802, 1.8 )
nodes/node_a = NodePath("../Chassi")
nodes/node_b = NodePath("../WheelsBack")
params/bias = 0.99
angular_limit/upper = 180.0
angular_limit/lower = -180.0

[node name="WheelsBack" type="RigidBody" parent="Car"]
transform = Transform( 1, 0, 0, 0, 1, 0, 0, 0, 1, 0, 0.802, 1.8 )

[node name="BeamMeshInstance" type="MeshInstance" parent="Car/WheelsBack"]
transform = Transform( -1.62921e-07, -1, 0, 1, -1.62921e-07, 0, 0, 0, 1, 0, 0, 0 )
mesh = SubResource( 11 )
material/0 = ExtResource( 1 )

[node name="Beam" type="CollisionShape" parent="Car/WheelsBack"]
transform = Transform( -1.62921e-08, -3, 0, 0.1, -4.88762e-07, 0, 0, 0, 0.1, 0, 0, 0 )
shape = SubResource( 12 )

[node name="WheelR" type="CollisionShape" parent="Car/WheelsBack"]
transform = Transform( -8.14603e-08, -0.1, 0, 0.5, -1.62921e-08, 0, 0, 0, 0.5, -2.8, 0, 0 )
shape = SubResource( 13 )

[node name="MeshInstance" type="MeshInstance" parent="Car/WheelsBack/WheelR"]
mesh = SubResource( 14 )
material/0 = ExtResource( 1 )

[node name="WheelL" type="CollisionShape" parent="Car/WheelsBack"]
transform = Transform( -8.14603e-08, -0.1, 0, 0.5, -1.62921e-08, 0, 0, 0, 0.5, 2.8, 0, 0 )
shape = SubResource( 13 )

[node name="MeshInstance" type="MeshInstance" parent="Car/WheelsBack/WheelL"]
mesh = SubResource( 14 )
material/0 = ExtResource( 1 )

[node name="PinJointFront" type="PinJoint" parent="Car"]
transform = Transform( 1, 0, 0, 0, 1, 0, 0, 0, 1, 0, 0.737, -2.00623 )
nodes/node_a = NodePath("../Chassi")
nodes/node_b = NodePath("../GrabbableFront")
collision/exclude_nodes = false

[node name="GrabbableFront" type="RigidBody" parent="Car"]
transform = Transform( 1, 0, 0, 0, -4.37114e-08, 1, 0, -1, -4.37114e-08, 0, 0.73724, -2.12559 )
collision_layer = 3

[node name="CollisionShape" type="CollisionShape" parent="Car/GrabbableFront"]
shape = SubResource( 15 )

[node name="MeshInstance" type="MeshInstance" parent="Car/GrabbableFront"]
mesh = SubResource( 16 )
material/0 = ExtResource( 2 )

[node name="PinJointBack" type="PinJoint" parent="Car"]
transform = Transform( 1, 0, 0, 0, 1, 0, 0, 0, 1, 0, 0.737, 2.006 )
nodes/node_a = NodePath("../Chassi")
nodes/node_b = NodePath("../GrabbableBack")
collision/exclude_nodes = false

[node name="GrabbableBack" type="RigidBody" parent="Car"]
transform = Transform( 1, 0, 0, 0, -4.37114e-08, 1, 0, -1, -4.37114e-08, 0, 0.737, 2.126 )
collision_layer = 3

[node name="CollisionShape" type="CollisionShape" parent="Car/GrabbableBack"]
transform = Transform( 1, -3.55271e-15, 1.77636e-15, 0, 1, -6.73333e-16, 0, -6.73333e-16, 1, 0, 0, 0 )
shape = SubResource( 15 )

[node name="MeshInstance" type="MeshInstance" parent="Car/GrabbableBack"]
mesh = SubResource( 16 )
material/0 = ExtResource( 2 )
